{"btc_usd":[{"type":"bid","price":28100,"amount":0.00022292,"tid":205396378,"timestamp":1683926514},{"type":"bid","price":28100,"amount":0.00066226,"tid":205396377,"timestamp":1683926512},{"type":"bid","price":28100,"amount":0.00028653,"tid":205396376,"timestamp":1683926510},{"type":"bid","price":28100,"amount":0.00056946,"tid":205396375,"timestamp":1683926507},{"type":"bid","price":28100,"amount":0.0002518,"tid":205396374,"timestamp":1683926505},{"type":"bid","price":28100,"amount":0.00064811,"tid":205396373,"timestamp":1683926391},{"type":"bid","price":28100,"amount":0.00058295,"tid":205396372,"timestamp":1683926378},{"type":"bid","price":28100,"amount":0.00065384,"tid":205396371,"timestamp":1683926374},{"type":"bid","price":28100,"amount":0.00029594,"tid":205396370,"timestamp":1683926371},{"type":"bid","price":28100,"amount":0.00066354,"tid":205396369,"timestamp":1683926369},{"type":"bid","price":28100,"amount":0.00016289,"tid":205396368,"timestamp":1683926366},{"type":"bid","price":28100,"amount":0.00058414,"tid":205396367,"timestamp":1683926363},{"type":"bid","price":28100,"amount":0.00010532,"tid":205396366,"timestamp":1683926358},{"type":"bid","price":28100,"amount":0.00011699,"tid":205396365,"timestamp":1683926029},{"type":"bid","price":28100,"amount":0.00018492,"tid":205396364,"timestamp":1683926020},{"type":"bid","price":28100,"amount":0.00018492,"tid":205396363,"timestamp":1683926016},{"type":"bid","price":28100,"amount":0.00059831,"tid":205396362,"timestamp":1683926015},{"type":"bid","price":28100,"amount":0.00012329,"tid":205396361,"timestamp":1683926013},{"type":"bid","price":28099.99999998,"amount":0.00006163,"tid":205396360,"timestamp":1683926013},{"type":"bid","price":28099.99999998,"amount":0.0001172,"tid":205396359,"timestamp":1683926001},{"type":"bid","price":28099.99999,"amount":0.00013962,"tid":205396358,"timestamp":1683925978},{"type":"bid","price":28099.99999,"amount":0.00058378,"tid":205396357,"timestamp":1683925978},{"type":"bid","price":28099.99999,"amount":0.00013962,"tid":205396356,"timestamp":1683925975},{"type":"bid","price":28099.99999,"amount":0.00011798,"tid":205396355,"timestamp":1683925973},{"type":"ask","price":28099.99999,"amount":0.00013962,"tid":205396354,"timestamp":1683925973},{"type":"bid","price":28099.99999,"amount":0.00060876,"tid":205396353,"timestamp":1683925967},{"type":"bid","price":28099.99999,"amount":0.00020843,"tid":205396352,"timestamp":1683925965},{"type":"bid","price":28099.99999,"amount":0.0005718,"tid":205396351,"timestamp":1683925962},{"type":"bid","price":28099.99999,"amount":0.0002038,"tid":205396350,"timestamp":1683925962},{"type":"bid","price":28099.99999,"amount":0.00025579,"tid":205396349,"timestamp":1683925959},{"type":"bid","price":28099.99999,"amount":0.0002038,"tid":205396348,"timestamp":1683925959},{"type":"bid","price":28099.99999,"amount":0.00062836,"tid":205396347,"timestamp":1683925957},{"type":"bid","price":28099.99999,"amount":0.00015008,"tid":205396346,"timestamp":1683925954},{"type":"bid","price":28099.99999,"amount":0.00068114,"tid":205396345,"timestamp":1683925951},{"type":"bid","price":28099.99999,"amount":0.00015007,"tid":205396344,"timestamp":1683925949},{"type":"bid","price":28098.69999998,"amount":0.00006365,"tid":205396343,"timestamp":1683925949},{"type":"bid","price":28098.69999998,"amount":0.00011518,"tid":205396342,"timestamp":1683925946},{"type":"bid","price":28098.19989998,"amount":0.00009855,"tid":205396341,"timestamp":1683925946},{"type":"bid","price":28098.19989998,"amount":0.00008028,"tid":205396340,"timestamp":1683925929},{"type":"bid","price":28098.1,"amount":0.00012353,"tid":205396339,"timestamp":1683925929},{"type":"bid","price":28098.1,"amount":0.00015798,"tid":205396338,"timestamp":1683925916},{"type":"bid","price":28098.1,"amount":0.00019626,"tid":205396337,"timestamp":1683925888},{"type":"bid","price":28098.19988998,"amount":0.00249228,"tid":205396336,"timestamp":1683925870},{"type":"bid","price":28097.19988998,"amount":0.00014263,"tid":205396335,"timestamp":1683925870},{"type":"bid","price":28097.1,"amount":0.0006,"tid":205396334,"timestamp":1683925870},{"type":"bid","price":28097.59989,"amount":0.00899148,"tid":205396333,"timestamp":1683924120},{"type":"bid","price":28097.59989,"amount":0.01645981,"tid":205396332,"timestamp":1683924120},{"type":"bid","price":28097.59989,"amount":0.014898,"tid":205396331,"timestamp":1683924120},{"type":"bid","price":28097.59989,"amount":0.01387083,"tid":205396330,"timestamp":1683924120},{"type":"ask","price":27500.6001,"amount":0.00005278,"tid":205396329,"timestamp":1683923938},{"type":"ask","price":27500.60010001,"amount":0.00014722,"tid":205396328,"timestamp":1683923938},{"type":"ask","price":27500.3002,"amount":0.045,"tid":205396327,"timestamp":1683923558},{"type":"ask","price":27507.0004,"amount":0.00961686,"tid":205396326,"timestamp":1683923067},{"type":"ask","price":27507.00041,"amount":0.00364618,"tid":205396325,"timestamp":1683923067},{"type":"ask","price":27507.1,"amount":0.0006,"tid":205396324,"timestamp":1683923067},{"type":"ask","price":27507.10000001,"amount":0.00113696,"tid":205396323,"timestamp":1683923067},{"type":"ask","price":27504.70000001,"amount":0.00019873,"tid":205396322,"timestamp":1683920905},{"type":"bid","price":28099.9,"amount":0.00011664,"tid":205396321,"timestamp":1683915517},{"type":"bid","price":28099.9,"amount":0.00011097,"tid":205396320,"timestamp":1683914788},{"type":"bid","price":28099.9,"amount":0.00046549,"tid":205396319,"timestamp":1683913234},{"type":"bid","price":28099.9,"amount":0.00059214,"tid":205396318,"timestamp":1683913132},{"type":"bid","price":28099.9,"amount":0.00058183,"tid":205396317,"timestamp":1683913079},{"type":"bid","price":28099.9,"amount":0.00028522,"tid":205396316,"timestamp":1683913055},{"type":"bid","price":28099.9,"amount":0.00024531,"tid":205396315,"timestamp":1683913048},{"type":"bid","price":28099.6,"amount":0.00052463,"tid":205396314,"timestamp":1683912985},{"type":"bid","price":28099.6,"amount":0.00004897,"tid":205396313,"timestamp":1683912985},{"type":"bid","price":28099.6,"amount":0.00025383,"tid":205396312,"timestamp":1683912976},{"type":"bid","price":28099.6,"amount":0.000339,"tid":205396311,"timestamp":1683912970},{"type":"bid","price":28099.6,"amount":0.00031547,"tid":205396310,"timestamp":1683912970},{"type":"bid","price":28099.6,"amount":0.00028453,"tid":205396309,"timestamp":1683912967},{"type":"ask","price":27500,"amount":0.08935853,"tid":205396308,"timestamp":1683911144},{"type":"ask","price":27500,"amount":0.0001,"tid":205396307,"timestamp":1683911144},{"type":"ask","price":27500,"amount":0.000108,"tid":205396306,"timestamp":1683911144},{"type":"ask","price":27500,"amount":0.00010218,"tid":205396305,"timestamp":1683911144},{"type":"ask","price":27500.00001,"amount":0.0001,"tid":205396304,"timestamp":1683911120},{"type":"ask","price":27600,"amount":0.00383291,"tid":205396303,"timestamp":1683911089},{"type":"ask","price":27600,"amount":0.00383292,"tid":205396302,"timestamp":1683911089},{"type":"ask","price":27501.0001,"amount":0.00773,"tid":205396301,"timestamp":1683910897},{"type":"ask","price":27600,"amount":0.0001042,"tid":205396300,"timestamp":1683910893},{"type":"ask","price":27600,"amount":0.00010799,"tid":205396299,"timestamp":1683910893},{"type":"ask","price":27600.00000001,"amount":0.00014377,"tid":205396298,"timestamp":1683910889},{"type":"ask","price":27600.9998,"amount":0.00018115,"tid":205396297,"timestamp":1683910883},{"type":"ask","price":27601,"amount":0.00088929,"tid":205396296,"timestamp":1683910879},{"type":"ask","price":27715,"amount":0.00700059,"tid":205396295,"timestamp":1683910876},{"type":"ask","price":27715.8,"amount":0.0086458,"tid":205396294,"timestamp":1683910869},{"type":"ask","price":27715.80000002,"amount":0.00005133,"tid":205396293,"timestamp":1683910356},{"type":"ask","price":27715.80000002,"amount":0.00009267,"tid":205396292,"timestamp":1683910356},{"type":"ask","price":27715.80000002,"amount":0.00192978,"tid":205396291,"timestamp":1683909480},{"type":"ask","price":27715.80000002,"amount":0.00861533,"tid":205396290,"timestamp":1683909479},{"type":"ask","price":27715.80000002,"amount":0.00010139,"tid":205396289,"timestamp":1683909479},{"type":"bid","price":28584.69998999,"amount":0.00022851,"tid":205396288,"timestamp":1683908563},{"type":"ask","price":27715.8,"amount":0.00014924,"tid":205396287,"timestamp":1683908534},{"type":"ask","price":27715.8,"amount":0.00013076,"tid":205396286,"timestamp":1683908534},{"type":"ask","price":27715.8,"amount":0.0001,"tid":205396285,"timestamp":1683908472},{"type":"ask","price":28000.59989,"amount":0.00017383,"tid":205396284,"timestamp":1683906110},{"type":"ask","price":28000.59989,"amount":0.00570329,"tid":205396283,"timestamp":1683906096},{"type":"ask","price":28000.6,"amount":0.00017383,"tid":205396282,"timestamp":1683906096},{"type":"bid","price":28000.6,"amount":0.00015201,"tid":205396281,"timestamp":1683906096},{"type":"bid","price":28000.6,"amount":0.00005693,"tid":205396280,"timestamp":1683906095},{"type":"bid","price":28000.6,"amount":0.00017383,"tid":205396279,"timestamp":1683906094},{"type":"ask","price":28200,"amount":0.00155597,"tid":205396278,"timestamp":1683906073},{"type":"bid","price":28596.49998998,"amount":0.00011,"tid":205396277,"timestamp":1683904617},{"type":"bid","price":28599.9,"amount":0.00023076,"tid":205396276,"timestamp":1683901642},{"type":"bid","price":28579.79995996,"amount":0.000105,"tid":205396275,"timestamp":1683898313},{"type":"bid","price":28111.9998,"amount":0.00198241,"tid":205396274,"timestamp":1683894849},{"type":"bid","price":28111.9998,"amount":0.15815132,"tid":205396273,"timestamp":1683894849},{"type":"bid","price":28111.9998,"amount":0.00011725,"tid":205396272,"timestamp":1683892825},{"type":"bid","price":28111.9998,"amount":0.00010273,"tid":205396271,"timestamp":1683892735},{"type":"bid","price":28111.9998,"amount":0.00010274,"tid":205396270,"timestamp":1683891803},{"type":"bid","price":28111.9999,"amount":0.003798,"tid":205396269,"timestamp":1683890930},{"type":"bid","price":28111.99989998,"amount":0.00059458,"tid":205396268,"timestamp":1683890926},{"type":"bid","price":28111.9999,"amount":0.00066301,"tid":205396267,"timestamp":1683890922},{"type":"bid","price":28111.9999,"amount":0.00067863,"tid":205396266,"timestamp":1683890918},{"type":"bid","price":28111.9999,"amount":0.00027131,"tid":205396265,"timestamp":1683890915},{"type":"bid","price":28111.9999,"amount":0.00066713,"tid":205396264,"timestamp":1683890913},{"type":"bid","price":28112,"amount":0.00018108,"tid":205396263,"timestamp":1683890910},{"type":"bid","price":28112,"amount":0.00059365,"tid":205396262,"timestamp":1683890908},{"type":"bid","price":28112,"amount":0.00007847,"tid":205396261,"timestamp":1683890905},{"type":"bid","price":28112,"amount":0.00008407,"tid":205396260,"timestamp":1683890905},{"type":"bid","price":28112,"amount":0.00061152,"tid":205396259,"timestamp":1683890903},{"type":"ask","price":28000.59989001,"amount":0.00029942,"tid":205396258,"timestamp":1683890900},{"type":"bid","price":28112,"amount":0.00014945,"tid":205396257,"timestamp":1683890900},{"type":"bid","price":28112,"amount":0.00047365,"tid":205396256,"timestamp":1683890898},{"type":"bid","price":28112,"amount":0.00067332,"tid":205396255,"timestamp":1683890897},{"type":"ask","price":27601.00000001,"amount":0.00018724,"tid":205396254,"timestamp":1683884956},{"type":"ask","price":27600.0001,"amount":0.16455212,"tid":205396253,"timestamp":1683884155},{"type":"ask","price":27650,"amount":0.00011,"tid":205396252,"timestamp":1683884154},{"type":"ask","price":27700,"amount":0.00010797,"tid":205396251,"timestamp":1683884154},{"type":"ask","price":27775.19999,"amount":0.0000015,"tid":205396250,"timestamp":1683884154},{"type":"ask","price":27800,"amount":0.0001042,"tid":205396249,"timestamp":1683884154},{"type":"ask","price":27800,"amount":0.00010796,"tid":205396248,"timestamp":1683884154},{"type":"ask","price":27800.00000001,"amount":0.0001,"tid":205396247,"timestamp":1683884154},{"type":"ask","price":27829,"amount":0.0013,"tid":205396246,"timestamp":1683884154},{"type":"ask","price":27900,"amount":0.00010795,"tid":205396245,"timestamp":1683884154},{"type":"ask","price":27970,"amount":0.0011015,"tid":205396244,"timestamp":1683884154},{"type":"ask","price":28000,"amount":0.0002509,"tid":205396243,"timestamp":1683884154},{"type":"ask","price":28000,"amount":0.00515812,"tid":205396242,"timestamp":1683884154},{"type":"ask","price":28000,"amount":0.00011,"tid":205396241,"timestamp":1683884154},{"type":"ask","price":28000,"amount":0.0001042,"tid":205396240,"timestamp":1683884154},{"type":"ask","price":28000,"amount":0.00033962,"tid":205396239,"timestamp":1683884154},{"type":"ask","price":28000,"amount":0.00010794,"tid":205396238,"timestamp":1683884154},{"type":"ask","price":28000.00000001,"amount":0.0001,"tid":205396237,"timestamp":1683884154},{"type":"ask","price":28000.00001,"amount":0.0001,"tid":205396236,"timestamp":1683884154},{"type":"ask","price":28100,"amount":0.00010793,"tid":205396235,"timestamp":1683884153},{"type":"ask","price":28111.50001,"amount":0.01344842,"tid":205396234,"timestamp":1683884153},{"type":"ask","price":28112,"amount":0.0001,"tid":205396233,"timestamp":1683884153},{"type":"ask","price":28112,"amount":0.0001,"tid":205396232,"timestamp":1683884153},{"type":"ask","price":28112,"amount":0.00163967,"tid":205396231,"timestamp":1683884153},{"type":"ask","price":28112,"amount":0.00010391,"tid":205396230,"timestamp":1683882036},{"type":"ask","price":28111.50001,"amount":0.00296918,"tid":205396229,"timestamp":1683879162}]}