{"xrp_usd":[{"type":"ask","price":0.45,"amount":2.17721668,"tid":201031028,"timestamp":1683919706},{"type":"ask","price":0.45,"amount":1.31206146,"tid":201031027,"timestamp":1683919695},{"type":"ask","price":0.45,"amount":5.97254155,"tid":201031026,"timestamp":1683919694},{"type":"ask","price":0.45,"amount":5.46410388,"tid":201031025,"timestamp":1683919694},{"type":"ask","price":0.45,"amount":1.23750295,"tid":201031024,"timestamp":1683919694},{"type":"ask","price":0.45,"amount":10.51002155,"tid":201031023,"timestamp":1683919694},{"type":"ask","price":0.45,"amount":2.30707786,"tid":201031022,"timestamp":1683919694},{"type":"ask","price":0.45,"amount":1.9459522,"tid":201031021,"timestamp":1683919694},{"type":"ask","price":0.45,"amount":1.43845733,"tid":201031020,"timestamp":1683919694},{"type":"ask","price":0.45,"amount":1.42388471,"tid":201031019,"timestamp":1683919694},{"type":"ask","price":0.45,"amount":4.47168786,"tid":201031018,"timestamp":1683919694},{"type":"ask","price":0.45,"amount":2.02002251,"tid":201031017,"timestamp":1683919680},{"type":"ask","price":0.45,"amount":11.70859033,"tid":201031016,"timestamp":1683919680},{"type":"ask","price":0.45,"amount":6.80339935,"tid":201031015,"timestamp":1683919680},{"type":"ask","price":0.45,"amount":5.92929846,"tid":201031014,"timestamp":1683919679},{"type":"ask","price":0.45,"amount":1.60139628,"tid":201031013,"timestamp":1683919679},{"type":"ask","price":0.45,"amount":1.84107588,"tid":201031012,"timestamp":1683919679},{"type":"ask","price":0.45,"amount":0.85812742,"tid":201031011,"timestamp":1683919679},{"type":"ask","price":0.45,"amount":3.39381462,"tid":201031010,"timestamp":1683919679},{"type":"ask","price":0.45,"amount":4.13879833,"tid":201031009,"timestamp":1683919679},{"type":"ask","price":0.45,"amount":2.7350284,"tid":201031008,"timestamp":1683919679},{"type":"ask","price":0.45000002,"amount":0.36033965,"tid":201031007,"timestamp":1683919679},{"type":"ask","price":0.45000002,"amount":0.42199531,"tid":201031006,"timestamp":1683919679},{"type":"ask","price":0.45000002,"amount":0.32373325,"tid":201031005,"timestamp":1683919679},{"type":"ask","price":0.45000002,"amount":0.57043617,"tid":201031004,"timestamp":1683919679},{"type":"ask","price":0.45000002,"amount":0.63425719,"tid":201031003,"timestamp":1683919639},{"type":"ask","price":0.45000002,"amount":0.34610094,"tid":201031002,"timestamp":1683919639},{"type":"ask","price":0.45000002,"amount":0.3913486,"tid":201031001,"timestamp":1683919639},{"type":"ask","price":0.45000002,"amount":0.4502298,"tid":201031000,"timestamp":1683919639},{"type":"ask","price":0.4501,"amount":0.69328638,"tid":201030999,"timestamp":1683919620},{"type":"ask","price":0.4501,"amount":0.51951377,"tid":201030998,"timestamp":1683919620},{"type":"ask","price":0.4501,"amount":1.55567153,"tid":201030997,"timestamp":1683919620},{"type":"ask","price":0.4501,"amount":1.34521348,"tid":201030996,"timestamp":1683919620},{"type":"ask","price":0.4501,"amount":1.77084796,"tid":201030995,"timestamp":1683919620},{"type":"ask","price":0.4501,"amount":0.54866174,"tid":201030994,"timestamp":1683919609},{"type":"ask","price":0.4501,"amount":0.49499577,"tid":201030993,"timestamp":1683919609},{"type":"ask","price":0.4501,"amount":0.26378591,"tid":201030992,"timestamp":1683919609},{"type":"ask","price":0.4501,"amount":0.64321404,"tid":201030991,"timestamp":1683919609},{"type":"ask","price":0.450123,"amount":1.25264203,"tid":201030990,"timestamp":1683919587},{"type":"ask","price":0.45012301,"amount":1.59151238,"tid":201030989,"timestamp":1683919587},{"type":"ask","price":0.45353551,"amount":1.88139439,"tid":201030988,"timestamp":1683913565},{"type":"ask","price":0.45353551,"amount":0.25619422,"tid":201030987,"timestamp":1683913565},{"type":"ask","price":0.45353551,"amount":0.42733979,"tid":201030986,"timestamp":1683913565},{"type":"ask","price":0.45353551,"amount":0.69739793,"tid":201030985,"timestamp":1683913565},{"type":"ask","price":0.45353551,"amount":0.78717395,"tid":201030984,"timestamp":1683913565},{"type":"ask","price":0.45353551,"amount":0.35107127,"tid":201030983,"timestamp":1683913565},{"type":"ask","price":0.45353551,"amount":0.55299008,"tid":201030982,"timestamp":1683913564},{"type":"ask","price":0.45396019,"amount":0.32040617,"tid":201030981,"timestamp":1683912990},{"type":"ask","price":0.45396019,"amount":1.79516351,"tid":201030980,"timestamp":1683912990},{"type":"ask","price":0.45396019,"amount":0.43087483,"tid":201030979,"timestamp":1683912990},{"type":"ask","price":0.45396019,"amount":0.24507913,"tid":201030978,"timestamp":1683912990},{"type":"ask","price":0.45396019,"amount":0.59760293,"tid":201030977,"timestamp":1683912990},{"type":"ask","price":0.45396019,"amount":0.44562601,"tid":201030976,"timestamp":1683912990},{"type":"ask","price":0.45396019,"amount":0.39090641,"tid":201030975,"timestamp":1683912990},{"type":"ask","price":0.45396019,"amount":0.30601608,"tid":201030974,"timestamp":1683912990},{"type":"ask","price":0.45396019,"amount":1.19543405,"tid":201030973,"timestamp":1683912990},{"type":"ask","price":0.45396019,"amount":0.3985679,"tid":201030972,"timestamp":1683912990},{"type":"ask","price":0.45396019,"amount":0.23733173,"tid":201030971,"timestamp":1683912990},{"type":"ask","price":0.454682,"amount":0.69461214,"tid":201030970,"timestamp":1683910272},{"type":"ask","price":0.454682,"amount":1.08515008,"tid":201030969,"timestamp":1683910272},{"type":"ask","price":0.454682,"amount":1.29812477,"tid":201030968,"timestamp":1683910272},{"type":"ask","price":0.454682,"amount":0.4882822,"tid":201030967,"timestamp":1683910272},{"type":"ask","price":0.45471,"amount":0.51930267,"tid":201030966,"timestamp":1683910272},{"type":"ask","price":0.45471,"amount":0.24162303,"tid":201030965,"timestamp":1683910272},{"type":"ask","price":0.45471,"amount":0.2470336,"tid":201030964,"timestamp":1683910271},{"type":"ask","price":0.45471001,"amount":6.26789032,"tid":201030963,"timestamp":1683910271},{"type":"ask","price":0.455,"amount":0.29201342,"tid":201030962,"timestamp":1683909573},{"type":"ask","price":0.455,"amount":0.56284665,"tid":201030961,"timestamp":1683909573},{"type":"ask","price":0.455,"amount":0.44603564,"tid":201030960,"timestamp":1683909573},{"type":"ask","price":0.455,"amount":10.9254414,"tid":201030959,"timestamp":1683909573},{"type":"ask","price":0.4551,"amount":1.8949963,"tid":201030958,"timestamp":1683909573},{"type":"ask","price":0.4551,"amount":0.97336598,"tid":201030957,"timestamp":1683909573},{"type":"ask","price":0.4551,"amount":1.26871502,"tid":201030956,"timestamp":1683909572},{"type":"ask","price":0.4551,"amount":0.26039742,"tid":201030955,"timestamp":1683909572},{"type":"ask","price":0.4551,"amount":1.41925688,"tid":201030954,"timestamp":1683909572},{"type":"ask","price":0.4551,"amount":0.7204161,"tid":201030953,"timestamp":1683909572},{"type":"ask","price":0.4551,"amount":0.34112869,"tid":201030952,"timestamp":1683909572},{"type":"ask","price":0.4551,"amount":0.49081461,"tid":201030951,"timestamp":1683909572},{"type":"ask","price":0.4551,"amount":0.72791586,"tid":201030950,"timestamp":1683909572},{"type":"ask","price":0.4551,"amount":1.08970188,"tid":201030949,"timestamp":1683909572},{"type":"ask","price":0.4551,"amount":1.0908789,"tid":201030948,"timestamp":1683909572},{"type":"ask","price":0.4551,"amount":0.35138694,"tid":201030947,"timestamp":1683909572},{"type":"ask","price":0.4551,"amount":0.28998103,"tid":201030946,"timestamp":1683909572},{"type":"ask","price":0.45510001,"amount":6.2371691,"tid":201030945,"timestamp":1683909572},{"type":"ask","price":0.45510001,"amount":36.02998244,"tid":201030944,"timestamp":1683909572},{"type":"ask","price":0.45510001,"amount":5.78961618,"tid":201030943,"timestamp":1683909532},{"type":"ask","price":0.46457102,"amount":14.59002371,"tid":201030942,"timestamp":1683909119},{"type":"bid","price":0.46457101,"amount":41.13498597,"tid":201030941,"timestamp":1683909119},{"type":"bid","price":0.458,"amount":2.39434368,"tid":201030940,"timestamp":1683895397},{"type":"bid","price":0.458,"amount":2.20399214,"tid":201030939,"timestamp":1683894629},{"type":"bid","price":0.46489648,"amount":220.94071787,"tid":201030938,"timestamp":1683892031},{"type":"ask","price":0.45519801,"amount":0.43578488,"tid":201030937,"timestamp":1683873285},{"type":"ask","price":0.45519801,"amount":3.25136,"tid":201030936,"timestamp":1683873251},{"type":"ask","price":0.45519801,"amount":0.47570815,"tid":201030935,"timestamp":1683873146},{"type":"bid","price":0.45510001,"amount":3.89776721,"tid":201030934,"timestamp":1683872810},{"type":"bid","price":0.45510001,"amount":93.54641312,"tid":201030933,"timestamp":1683872808},{"type":"bid","price":0.45510001,"amount":62.52612971,"tid":201030932,"timestamp":1683872756},{"type":"bid","price":0.45510001,"amount":11.71945039,"tid":201030931,"timestamp":1683872756},{"type":"bid","price":0.45510001,"amount":14.29201267,"tid":201030930,"timestamp":1683872746},{"type":"bid","price":0.45510001,"amount":0.53643591,"tid":201030929,"timestamp":1683872743},{"type":"bid","price":0.45510001,"amount":39.78852724,"tid":201030928,"timestamp":1683872739},{"type":"bid","price":0.45510001,"amount":0.92526757,"tid":201030927,"timestamp":1683872738},{"type":"bid","price":0.45510001,"amount":130.97536477,"tid":201030926,"timestamp":1683872738},{"type":"bid","price":0.45510001,"amount":17.75014549,"tid":201030925,"timestamp":1683872737},{"type":"bid","price":0.45510001,"amount":1.00333274,"tid":201030924,"timestamp":1683872732},{"type":"ask","price":0.45510001,"amount":73.03915318,"tid":201030923,"timestamp":1683872730},{"type":"ask","price":0.46,"amount":0.67631667,"tid":201030922,"timestamp":1683872452},{"type":"ask","price":0.46,"amount":0.90083534,"tid":201030921,"timestamp":1683872452},{"type":"ask","price":0.46,"amount":0.64719767,"tid":201030920,"timestamp":1683872452},{"type":"ask","price":0.46,"amount":3.66144204,"tid":201030919,"timestamp":1683872452},{"type":"ask","price":0.46,"amount":2.45538441,"tid":201030918,"timestamp":1683872452},{"type":"ask","price":0.46,"amount":0.23359745,"tid":201030917,"timestamp":1683872452},{"type":"ask","price":0.46,"amount":3.04383689,"tid":201030916,"timestamp":1683872452},{"type":"ask","price":0.46,"amount":0.64653291,"tid":201030915,"timestamp":1683872452},{"type":"ask","price":0.4601,"amount":0.28933797,"tid":201030914,"timestamp":1683872398},{"type":"ask","price":0.4601,"amount":0.27641732,"tid":201030913,"timestamp":1683872398},{"type":"ask","price":0.4601,"amount":0.5967279,"tid":201030912,"timestamp":1683872398},{"type":"ask","price":0.4601,"amount":1.07704592,"tid":201030911,"timestamp":1683872398},{"type":"ask","price":0.46046838,"amount":4.67374096,"tid":201030910,"timestamp":1683872063},{"type":"ask","price":0.461,"amount":6.02012047,"tid":201030909,"timestamp":1683872019},{"type":"ask","price":0.461,"amount":6.1615119,"tid":201030908,"timestamp":1683872019},{"type":"ask","price":0.461,"amount":1.37830744,"tid":201030907,"timestamp":1683871597},{"type":"ask","price":0.465,"amount":1.57801404,"tid":201030906,"timestamp":1683870694},{"type":"ask","price":0.465,"amount":1.13922735,"tid":201030905,"timestamp":1683870694},{"type":"ask","price":0.465,"amount":0.6429063,"tid":201030904,"timestamp":1683870694},{"type":"ask","price":0.465,"amount":1.19681354,"tid":201030903,"timestamp":1683870676},{"type":"ask","price":0.465,"amount":0.59272688,"tid":201030902,"timestamp":1683870676},{"type":"ask","price":0.465,"amount":0.72199473,"tid":201030901,"timestamp":1683870676},{"type":"ask","price":0.465,"amount":0.34055978,"tid":201030900,"timestamp":1683870675},{"type":"ask","price":0.465,"amount":0.79713511,"tid":201030899,"timestamp":1683870675},{"type":"ask","price":0.465,"amount":0.76507649,"tid":201030898,"timestamp":1683870675},{"type":"ask","price":0.465,"amount":0.46696266,"tid":201030897,"timestamp":1683870675},{"type":"ask","price":0.465,"amount":0.97520511,"tid":201030896,"timestamp":1683870675},{"type":"ask","price":0.465,"amount":0.22762079,"tid":201030895,"timestamp":1683870675},{"type":"ask","price":0.465,"amount":2.62964581,"tid":201030894,"timestamp":1683870675},{"type":"ask","price":0.4651,"amount":0.24329084,"tid":201030893,"timestamp":1683870675},{"type":"ask","price":0.4651,"amount":1.11235439,"tid":201030892,"timestamp":1683870675},{"type":"ask","price":0.4651,"amount":0.23860094,"tid":201030891,"timestamp":1683870675},{"type":"ask","price":0.4651,"amount":0.34434775,"tid":201030890,"timestamp":1683870675},{"type":"ask","price":0.4651,"amount":0.47005809,"tid":201030889,"timestamp":1683870675},{"type":"ask","price":0.4651,"amount":0.6353141,"tid":201030888,"timestamp":1683870663},{"type":"ask","price":0.4651,"amount":0.45295435,"tid":201030887,"timestamp":1683870663},{"type":"ask","price":0.46565553,"amount":0.32137344,"tid":201030886,"timestamp":1683870663},{"type":"ask","price":0.46565553,"amount":0.54132719,"tid":201030885,"timestamp":1683870663},{"type":"ask","price":0.46565553,"amount":0.34544462,"tid":201030884,"timestamp":1683870663},{"type":"ask","price":0.46565553,"amount":0.27369381,"tid":201030883,"timestamp":1683870663},{"type":"ask","price":0.46565553,"amount":0.26307055,"tid":201030882,"timestamp":1683870663},{"type":"ask","price":0.46565553,"amount":0.22446186,"tid":201030881,"timestamp":1683870663},{"type":"ask","price":0.46565553,"amount":0.77091903,"tid":201030880,"timestamp":1683870663},{"type":"ask","price":0.46565553,"amount":1.83675183,"tid":201030879,"timestamp":1683870663}]}